%YAML 1.1
%TAG !u! tag:unity3d.com,2011:
--- !u!29 &1
OcclusionCullingSettings:
  m_ObjectHideFlags: 0
  serializedVersion: 2
  m_OcclusionBakeSettings:
    smallestOccluder: 5
    smallestHole: 0.25
    backfaceThreshold: 100
  m_SceneGUID: 00000000000000000000000000000000
  m_OcclusionCullingData: {fileID: 0}
--- !u!104 &2
RenderSettings:
  m_ObjectHideFlags: 0
  serializedVersion: 8
  m_Fog: 0
  m_FogColor: {r: 0.5, g: 0.5, b: 0.5, a: 1}
  m_FogMode: 3
  m_FogDensity: 0.01
  m_LinearFogStart: 0
  m_LinearFogEnd: 300
  m_AmbientSkyColor: {r: 0.2, g: 0.2, b: 0.2, a: 1}
  m_AmbientEquatorColor: {r: 0.2, g: 0.2, b: 0.2, a: 1}
  m_AmbientGroundColor: {r: 0.2, g: 0.2, b: 0.2, a: 1}
  m_AmbientIntensity: 1
  m_AmbientMode: 3
  m_SubtractiveShadowColor: {r: 0.42, g: 0.478, b: 0.627, a: 1}
  m_SkyboxMaterial: {fileID: 0}
  m_HaloStrength: 0.5
  m_FlareStrength: 1
  m_FlareFadeSpeed: 3
  m_HaloTexture: {fileID: 0}
  m_SpotCookie: {fileID: 10001, guid: 0000000000000000e000000000000000, type: 0}
  m_DefaultReflectionMode: 0
  m_DefaultReflectionResolution: 128
  m_ReflectionBounces: 1
  m_ReflectionIntensity: 1
  m_CustomReflection: {fileID: 0}
  m_Sun: {fileID: 0}
  m_IndirectSpecularColor: {r: 0, g: 0, b: 0, a: 1}
--- !u!157 &4
LightmapSettings:
  m_ObjectHideFlags: 0
  serializedVersion: 9
  m_GIWorkflowMode: 1
  m_GISettings:
    serializedVersion: 2
    m_BounceScale: 1
    m_IndirectOutputScale: 1
    m_AlbedoBoost: 1
    m_TemporalCoherenceThreshold: 1
    m_EnvironmentLightingMode: 0
    m_EnableBakedLightmaps: 1
    m_EnableRealtimeLightmaps: 0
  m_LightmapEditorSettings:
    serializedVersion: 8
    m_Resolution: 1
    m_BakeResolution: 50
    m_TextureWidth: 1024
    m_TextureHeight: 1024
    m_AO: 1
    m_AOMaxDistance: 1
    m_CompAOExponent: 1
    m_CompAOExponentDirect: 0
    m_Padding: 2
    m_LightmapParameters: {fileID: 0}
    m_LightmapsBakeMode: 1
    m_TextureCompression: 0
    m_FinalGather: 0
    m_FinalGatherFiltering: 1
    m_FinalGatherRayCount: 256
    m_ReflectionCompression: 2
    m_MixedBakeMode: 1
    m_BakeBackend: 0
    m_PVRSampling: 1
    m_PVRDirectSampleCount: 32
    m_PVRSampleCount: 500
    m_PVRBounces: 2
    m_PVRFiltering: 0
    m_PVRFilteringMode: 1
    m_PVRCulling: 1
    m_PVRFilteringGaussRadiusDirect: 1
    m_PVRFilteringGaussRadiusIndirect: 5
    m_PVRFilteringGaussRadiusAO: 2
    m_PVRFilteringAtrousColorSigma: 1
    m_PVRFilteringAtrousNormalSigma: 1
    m_PVRFilteringAtrousPositionSigma: 1
  m_LightingDataAsset: {fileID: 0}
  m_ShadowMaskMode: 2
--- !u!196 &5
NavMeshSettings:
  serializedVersion: 2
  m_ObjectHideFlags: 0
  m_BuildSettings:
    serializedVersion: 2
    agentTypeID: 0
    agentRadius: 0.5
    agentHeight: 2
    agentSlope: 45
    agentClimb: 0.4
    ledgeDropHeight: 0
    maxJumpAcrossDistance: 0
    minRegionArea: 2
    manualCellSize: 0
    cellSize: 0.16666666
    manualTileSize: 0
    tileSize: 256
    accuratePlacement: 0
  m_NavMeshData: {fileID: 0}
--- !u!1 &8934596
GameObject:
  m_ObjectHideFlags: 0
  m_PrefabParentObject: {fileID: 0}
  m_PrefabInternal: {fileID: 0}
  serializedVersion: 5
  m_Component:
  - component: {fileID: 8934597}
  - component: {fileID: 8934598}
  m_Layer: 10
  m_Name: AttackTutorial_Character_ComboAttacks
  m_TagString: Untagged
  m_Icon: {fileID: 0}
  m_NavMeshLayer: 0
  m_StaticEditorFlags: 0
  m_IsActive: 1
--- !u!4 &8934597
Transform:
  m_ObjectHideFlags: 0
  m_PrefabParentObject: {fileID: 0}
  m_PrefabInternal: {fileID: 0}
  m_GameObject: {fileID: 8934596}
  m_LocalRotation: {x: 0, y: 0, z: 0, w: 1}
  m_LocalPosition: {x: 0, y: 0, z: 0}
  m_LocalScale: {x: 1, y: 1, z: 1}
  m_Children: []
  m_Father: {fileID: 70122742}
  m_RootOrder: 2
  m_LocalEulerAnglesHint: {x: 0, y: 0, z: 0}
--- !u!114 &8934598
MonoBehaviour:
  m_ObjectHideFlags: 0
  m_PrefabParentObject: {fileID: 0}
  m_PrefabInternal: {fileID: 0}
  m_GameObject: {fileID: 8934596}
  m_Enabled: 1
  m_EditorHideFlags: 0
  m_Script: {fileID: 11500000, guid: 146d3a7ae142d4ca39b6f6e5dd91d22b, type: 3}
  m_Name: 
  m_EditorClassIdentifier: 
  attacks: []
  attackSystemWantsMovementControl: 1
  attackSystemWantsAnimationStateOverride: 0
  comboAttacks:
  - name: Backhand
    attackType: 0
    attackLocation: 0
    animation: 1550
    attackTime: 0.5
    coolDown: 0
    projectileDelay: 0
    attackHitBoxStart: 0.13888888
    attackHitBoxEnd: 0.9109788
    actionButtonIndex: 0
    hitBox: {fileID: 961389064}
    damageType: 1
    damageAmount: 2
    projectilePrefab: {fileID: 0}
    ammoType: 
    blockJump: 0
    blockWall: 0
    blockClimb: 0
    blockSpecial: 0
    resetVelocityX: 0
    resetVelocityY: 0
    applyGravity: 0
    fireWhenHeld: 0
    comboType: 1
    initialAttack: Punch
    minWindowTime: 0.135582
    maxWindowTime: 0.90410054
  - name: Chop
    attackType: 0
    attackLocation: 0
    animation: 1551
    attackTime: 0.5
    coolDown: 0
    projectileDelay: 0
    attackHitBoxStart: 0.41309524
    attackHitBoxEnd: 1
    actionButtonIndex: 0
    hitBox: {fileID: 1923603109}
    damageType: 1
    damageAmount: 3
    projectilePrefab: {fileID: 0}
    ammoType: 
    blockJump: 0
    blockWall: 0
    blockClimb: 0
    blockSpecial: 0
    resetVelocityX: 0
    resetVelocityY: 0
    applyGravity: 0
    fireWhenHeld: 0
    comboType: 2
    initialAttack: Backhand
    minWindowTime: 0
    maxWindowTime: 0.47089946
--- !u!1 &10357862
GameObject:
  m_ObjectHideFlags: 0
  m_PrefabParentObject: {fileID: 172702, guid: d6b7f3ea4b33b45ea85a47951c69c721, type: 2}
  m_PrefabInternal: {fileID: 0}
  serializedVersion: 5
  m_Component:
  - component: {fileID: 10357866}
  - component: {fileID: 10357865}
  - component: {fileID: 10357864}
  - component: {fileID: 10357863}
  m_Layer: 0
  m_Name: Cube02
  m_TagString: Untagged
  m_Icon: {fileID: 0}
  m_NavMeshLayer: 0
  m_StaticEditorFlags: 0
  m_IsActive: 1
--- !u!61 &10357863
BoxCollider2D:
  m_ObjectHideFlags: 0
  m_PrefabParentObject: {fileID: 6172702, guid: d6b7f3ea4b33b45ea85a47951c69c721,
    type: 2}
  m_PrefabInternal: {fileID: 0}
  m_GameObject: {fileID: 10357862}
  m_Enabled: 1
  m_Density: 1
  m_Material: {fileID: 0}
  m_IsTrigger: 0
  m_UsedByEffector: 0
  m_UsedByComposite: 0
  m_Offset: {x: 0, y: 0}
  m_SpriteTilingProperty:
    border: {x: 0, y: 0, z: 0, w: 0}
    pivot: {x: 0, y: 0}
    oldSize: {x: 0, y: 0}
    newSize: {x: 0, y: 0}
    adaptiveTilingThreshold: 0
    drawMode: 0
    adaptiveTiling: 0
  m_AutoTiling: 0
  serializedVersion: 2
  m_Size: {x: 1, y: 1}
  m_EdgeRadius: 0
--- !u!23 &10357864
MeshRenderer:
  m_ObjectHideFlags: 0
  m_PrefabParentObject: {fileID: 2372702, guid: d6b7f3ea4b33b45ea85a47951c69c721,
    type: 2}
  m_PrefabInternal: {fileID: 0}
  m_GameObject: {fileID: 10357862}
  m_Enabled: 1
  m_CastShadows: 1
  m_ReceiveShadows: 1
  m_MotionVectors: 1
  m_LightProbeUsage: 0
  m_ReflectionProbeUsage: 1
  m_Materials:
  - {fileID: 10302, guid: 0000000000000000f000000000000000, type: 0}
  m_StaticBatchInfo:
    firstSubMesh: 0
    subMeshCount: 0
  m_StaticBatchRoot: {fileID: 0}
  m_ProbeAnchor: {fileID: 0}
  m_LightProbeVolumeOverride: {fileID: 0}
  m_ScaleInLightmap: 1
  m_PreserveUVs: 0
  m_IgnoreNormalsForChartDetection: 0
  m_ImportantGI: 0
  m_SelectedEditorRenderState: 3
  m_MinimumChartSize: 4
  m_AutoUVMaxDistance: 0.5
  m_AutoUVMaxAngle: 89
  m_LightmapParameters: {fileID: 0}
  m_SortingLayerID: 0
  m_SortingLayer: 0
  m_SortingOrder: 0
--- !u!33 &10357865
MeshFilter:
  m_ObjectHideFlags: 0
  m_PrefabParentObject: {fileID: 3372702, guid: d6b7f3ea4b33b45ea85a47951c69c721,
    type: 2}
  m_PrefabInternal: {fileID: 0}
  m_GameObject: {fileID: 10357862}
  m_Mesh: {fileID: 10202, guid: 0000000000000000e000000000000000, type: 0}
--- !u!4 &10357866
Transform:
  m_ObjectHideFlags: 0
  m_PrefabParentObject: {fileID: 472702, guid: d6b7f3ea4b33b45ea85a47951c69c721, type: 2}
  m_PrefabInternal: {fileID: 0}
  m_GameObject: {fileID: 10357862}
  m_LocalRotation: {x: 0, y: 0, z: 0, w: 1}
  m_LocalPosition: {x: 6.5, y: -1.5, z: 0}
  m_LocalScale: {x: 3, y: 4, z: 1}
  m_Children: []
  m_Father: {fileID: 749655400}
  m_RootOrder: 2
  m_LocalEulerAnglesHint: {x: 0, y: 0, z: 0}
--- !u!1 &70122741
GameObject:
  m_ObjectHideFlags: 0
  m_PrefabParentObject: {fileID: 159118, guid: 20f444c6fbfcb437892a67ad83f3dc86, type: 2}
  m_PrefabInternal: {fileID: 0}
  serializedVersion: 5
  m_Component:
  - component: {fileID: 70122742}
  - component: {fileID: 70122747}
  - component: {fileID: 70122746}
  - component: {fileID: 70122745}
  m_Layer: 10
  m_Name: AttackTutorial_Character
  m_TagString: Untagged
  m_Icon: {fileID: 0}
  m_NavMeshLayer: 0
  m_StaticEditorFlags: 0
  m_IsActive: 1
--- !u!4 &70122742
Transform:
  m_ObjectHideFlags: 0
  m_PrefabParentObject: {fileID: 459118, guid: 20f444c6fbfcb437892a67ad83f3dc86, type: 2}
  m_PrefabInternal: {fileID: 0}
  m_GameObject: {fileID: 70122741}
  m_LocalRotation: {x: 0, y: 0, z: 0, w: 1}
  m_LocalPosition: {x: -2, y: -1.5, z: 0}
  m_LocalScale: {x: 1, y: 1, z: 1}
  m_Children:
  - {fileID: 1948263212}
  - {fileID: 1329204261}
  - {fileID: 8934597}
  - {fileID: 269077226}
  - {fileID: 1673874639}
  - {fileID: 1370259009}
  m_Father: {fileID: 0}
  m_RootOrder: 0
  m_LocalEulerAnglesHint: {x: 0, y: 0, z: 0}
--- !u!114 &70122745
MonoBehaviour:
  m_ObjectHideFlags: 0
  m_PrefabParentObject: {fileID: 11459122, guid: 20f444c6fbfcb437892a67ad83f3dc86,
    type: 2}
  m_PrefabInternal: {fileID: 0}
  m_GameObject: {fileID: 70122741}
  m_Enabled: 1
  m_EditorHideFlags: 0
  m_Script: {fileID: 11500000, guid: 7c206db417c9c40169cb5fb0aa70038f, type: 3}
  m_Name: 
  m_EditorClassIdentifier: 
  feetLookAhead: 0.5
  sideLookAhead: 0.1
  groundedLookAhead: 0.4
  layerMask:
    serializedVersion: 2
    m_Bits: 1
  geometryLayerMask:
    serializedVersion: 2
    m_Bits: 1
  passthroughLayerMask:
    serializedVersion: 2
    m_Bits: 0
  fallSpeedForIgnoreHeadCollisions: 0.2
  timeForFallState: 0.1
  terminalVelocity: -15
  calculateSlopes: 1
  rotateToSlopes: 0
  maxSlopeRotation: 50
  rotationSpeed: 180
  sideAngle: 50
  groundedLeeway: 0.1
  passthroughLeeway: -0.25
  switchCollidersOnDirectionChange: 0
  characterRotationType: 0
  feetColliders:
  - transform: {fileID: 70122742}
    length: 0
    raycastType: 4
    lookAhead: 0
    extent: {x: -0.44208384, y: -0.9934921}
    layerMask: 0
  - transform: {fileID: 70122742}
    length: 0
    raycastType: 4
    lookAhead: 0
    extent: {x: -0.14736128, y: -0.9934921}
    layerMask: 0
  - transform: {fileID: 70122742}
    length: 0
    raycastType: 4
    lookAhead: 0
    extent: {x: 0.14736128, y: -0.9934921}
    layerMask: 0
  - transform: {fileID: 70122742}
    length: 0
    raycastType: 4
    lookAhead: 0
    extent: {x: 0.44208384, y: -0.9934921}
    layerMask: 0
  leftColliders:
  - transform: {fileID: 70122742}
    length: 0
    raycastType: 1
    lookAhead: 0
    extent: {x: -0.45325562, y: -0.9543311}
    layerMask: 0
  - transform: {fileID: 70122742}
    length: 0
    raycastType: 1
    lookAhead: 0
    extent: {x: -0.45325562, y: -0.29645735}
    layerMask: 0
  - transform: {fileID: 70122742}
    length: 0
    raycastType: 1
    lookAhead: 0
    extent: {x: -0.45325562, y: 0.36141646}
    layerMask: 0
  rightColliders:
  - transform: {fileID: 70122742}
    length: 0
    raycastType: 2
    lookAhead: 0
    extent: {x: 0.45325562, y: -0.9543311}
    layerMask: 0
  - transform: {fileID: 70122742}
    length: 0
    raycastType: 2
    lookAhead: 0
    extent: {x: 0.45325562, y: -0.29645735}
    layerMask: 0
  - transform: {fileID: 70122742}
    length: 0
    raycastType: 2
    lookAhead: 0
    extent: {x: 0.45325562, y: 0.36141646}
    layerMask: 0
  headColliders:
  - transform: {fileID: 70122742}
    length: 0.7165709
    raycastType: 8
    lookAhead: 0
    extent: {x: -0.26152992, y: 0.4396497}
    layerMask: 0
  - transform: {fileID: 70122742}
    length: 0.7165709
    raycastType: 8
    lookAhead: 0
    extent: {x: 0, y: 0.4396497}
    layerMask: 0
  - transform: {fileID: 70122742}
    length: 0.7165709
    raycastType: 8
    lookAhead: 0
    extent: {x: 0.26152992, y: 0.4396497}
    layerMask: 0
  detectLaddersByTag: 0
  ladderLayerOrTagName: 
  input: {fileID: 0}
  detectAllWalls: 0
  detectWallsByTag: 0
  wallLayerOrTagName: 
--- !u!114 &70122746
MonoBehaviour:
  m_ObjectHideFlags: 0
  m_PrefabParentObject: {fileID: 11459124, guid: 20f444c6fbfcb437892a67ad83f3dc86,
    type: 2}
  m_PrefabInternal: {fileID: 0}
  m_GameObject: {fileID: 70122741}
  m_Enabled: 1
  m_EditorHideFlags: 0
  m_Script: {fileID: 11500000, guid: abe8162d85c84445cbec403d6d9762e9, type: 3}
  m_Name: 
  m_EditorClassIdentifier: 
  usePhysics2dGravity: 0
  gravity: -25
--- !u!114 &70122747
MonoBehaviour:
  m_ObjectHideFlags: 0
  m_PrefabParentObject: {fileID: 11459126, guid: 20f444c6fbfcb437892a67ad83f3dc86,
    type: 2}
  m_PrefabInternal: {fileID: 0}
  m_GameObject: {fileID: 70122741}
  m_Enabled: 1
  m_EditorHideFlags: 0
  m_Script: {fileID: 11500000, guid: 2af5ef0667b2d463291677ebf378764e, type: 3}
  m_Name: 
  m_EditorClassIdentifier: 
--- !u!1 &269077225
GameObject:
  m_ObjectHideFlags: 0
  m_PrefabParentObject: {fileID: 0}
  m_PrefabInternal: {fileID: 0}
  serializedVersion: 5
  m_Component:
  - component: {fileID: 269077226}
  - component: {fileID: 269077227}
  m_Layer: 10
  m_Name: AttackTutorial_Character_Attacks
  m_TagString: Untagged
  m_Icon: {fileID: 0}
  m_NavMeshLayer: 0
  m_StaticEditorFlags: 0
  m_IsActive: 1
--- !u!4 &269077226
Transform:
  m_ObjectHideFlags: 0
  m_PrefabParentObject: {fileID: 0}
  m_PrefabInternal: {fileID: 0}
  m_GameObject: {fileID: 269077225}
  m_LocalRotation: {x: 0, y: 0, z: 0, w: 1}
  m_LocalPosition: {x: 0, y: 0, z: 0}
  m_LocalScale: {x: 1, y: 1, z: 1}
  m_Children: []
  m_Father: {fileID: 70122742}
  m_RootOrder: 3
  m_LocalEulerAnglesHint: {x: 0, y: 0, z: 0}
--- !u!114 &269077227
MonoBehaviour:
  m_ObjectHideFlags: 0
  m_PrefabParentObject: {fileID: 0}
  m_PrefabInternal: {fileID: 0}
  m_GameObject: {fileID: 269077225}
  m_Enabled: 1
  m_EditorHideFlags: 0
  m_Script: {fileID: 11500000, guid: a7cd5146e462d4de4b0beb8a151f2717, type: 3}
  m_Name: 
  m_EditorClassIdentifier: 
  attacks:
  - name: Punch
    attackType: 0
    attackLocation: 0
    animation: 1501
    attackTime: 0.4
    coolDown: 0
    projectileDelay: 0
    attackHitBoxStart: 0.09424084
    attackHitBoxEnd: 0.89633507
    actionButtonIndex: 0
    hitBox: {fileID: 961389064}
    damageType: 1
    damageAmount: 1
    projectilePrefab: {fileID: 0}
    ammoType: 
    blockJump: 1
    blockWall: 0
    blockClimb: 0
    blockSpecial: 0
    resetVelocityX: 0
    resetVelocityY: 0
    applyGravity: 0
    fireWhenHeld: 0
  attackSystemWantsMovementControl: 1
  attackSystemWantsAnimationStateOverride: 0
--- !u!1 &326118617
GameObject:
  m_ObjectHideFlags: 0
  m_PrefabParentObject: {fileID: 0}
  m_PrefabInternal: {fileID: 0}
  serializedVersion: 5
  m_Component:
  - component: {fileID: 326118622}
  - component: {fileID: 326118621}
  - component: {fileID: 326118620}
  - component: {fileID: 326118619}
  - component: {fileID: 326118618}
  m_Layer: 0
  m_Name: Main Camera
  m_TagString: MainCamera
  m_Icon: {fileID: 0}
  m_NavMeshLayer: 0
  m_StaticEditorFlags: 0
  m_IsActive: 1
--- !u!81 &326118618
AudioListener:
  m_ObjectHideFlags: 0
  m_PrefabParentObject: {fileID: 0}
  m_PrefabInternal: {fileID: 0}
  m_GameObject: {fileID: 326118617}
  m_Enabled: 1
--- !u!124 &326118619
Behaviour:
  m_ObjectHideFlags: 0
  m_PrefabParentObject: {fileID: 0}
  m_PrefabInternal: {fileID: 0}
  m_GameObject: {fileID: 326118617}
  m_Enabled: 1
--- !u!92 &326118620
Behaviour:
  m_ObjectHideFlags: 0
  m_PrefabParentObject: {fileID: 0}
  m_PrefabInternal: {fileID: 0}
  m_GameObject: {fileID: 326118617}
  m_Enabled: 1
--- !u!20 &326118621
Camera:
  m_ObjectHideFlags: 0
  m_PrefabParentObject: {fileID: 0}
  m_PrefabInternal: {fileID: 0}
  m_GameObject: {fileID: 326118617}
  m_Enabled: 1
  serializedVersion: 2
  m_ClearFlags: 1
  m_BackGroundColor: {r: 0.6911765, g: 0.6458925, b: 0.49805364, a: 0.019607844}
  m_NormalizedViewPortRect:
    serializedVersion: 2
    x: 0
    y: 0
    width: 1
    height: 1
  near clip plane: 0.3
  far clip plane: 1000
  field of view: 60
  orthographic: 1
  orthographic size: 3.5
  m_Depth: -1
  m_CullingMask:
    serializedVersion: 2
    m_Bits: 4294967295
  m_RenderingPath: -1
  m_TargetTexture: {fileID: 0}
  m_TargetDisplay: 0
  m_TargetEye: 3
  m_HDR: 0
  m_AllowMSAA: 1
  m_ForceIntoRT: 0
  m_OcclusionCulling: 1
  m_StereoConvergence: 10
  m_StereoSeparation: 0.022
  m_StereoMirrorMode: 0
--- !u!4 &326118622
Transform:
  m_ObjectHideFlags: 0
  m_PrefabParentObject: {fileID: 0}
  m_PrefabInternal: {fileID: 0}
  m_GameObject: {fileID: 326118617}
  m_LocalRotation: {x: 0, y: 0, z: 0, w: 1}
  m_LocalPosition: {x: 0, y: 1, z: -10}
  m_LocalScale: {x: 1, y: 1, z: 1}
  m_Children: []
  m_Father: {fileID: 0}
  m_RootOrder: 3
  m_LocalEulerAnglesHint: {x: 0, y: 0, z: 0}
--- !u!1 &412541368
GameObject:
  m_ObjectHideFlags: 0
  m_PrefabParentObject: {fileID: 111794, guid: 602bd7f000bee4904b78ca56ade8ff80, type: 2}
  m_PrefabInternal: {fileID: 1449811448}
  serializedVersion: 5
  m_Component:
  - component: {fileID: 412541369}
  - component: {fileID: 412541371}
  - component: {fileID: 412541370}
  m_Layer: 11
  m_Name: AttackTutorial_Enemy_HurtBox
  m_TagString: Untagged
  m_Icon: {fileID: 0}
  m_NavMeshLayer: 0
  m_StaticEditorFlags: 0
  m_IsActive: 1
--- !u!4 &412541369
Transform:
  m_ObjectHideFlags: 0
  m_PrefabParentObject: {fileID: 411794, guid: 602bd7f000bee4904b78ca56ade8ff80, type: 2}
  m_PrefabInternal: {fileID: 1449811448}
  m_GameObject: {fileID: 412541368}
  m_LocalRotation: {x: 0, y: 0, z: 0, w: 1}
  m_LocalPosition: {x: 0, y: -0.3, z: 0}
  m_LocalScale: {x: 1, y: 1, z: 1}
  m_Children: []
  m_Father: {fileID: 1081380326}
  m_RootOrder: 1
  m_LocalEulerAnglesHint: {x: 0, y: 0, z: 0}
--- !u!61 &412541370
BoxCollider2D:
  m_ObjectHideFlags: 0
  m_PrefabParentObject: {fileID: 6111794, guid: 602bd7f000bee4904b78ca56ade8ff80,
    type: 2}
  m_PrefabInternal: {fileID: 1449811448}
  m_GameObject: {fileID: 412541368}
  m_Enabled: 1
  m_Density: 1
  m_Material: {fileID: 0}
  m_IsTrigger: 1
  m_UsedByEffector: 0
  m_UsedByComposite: 0
  m_Offset: {x: 0, y: 0}
  m_SpriteTilingProperty:
    border: {x: 0, y: 0, z: 0, w: 0}
    pivot: {x: 0, y: 0}
    oldSize: {x: 0, y: 0}
    newSize: {x: 0, y: 0}
    adaptiveTilingThreshold: 0
    drawMode: 0
    adaptiveTiling: 0
  m_AutoTiling: 0
  serializedVersion: 2
  m_Size: {x: 0.3, y: 1.4}
  m_EdgeRadius: 0
--- !u!114 &412541371
MonoBehaviour:
  m_ObjectHideFlags: 0
  m_PrefabParentObject: {fileID: 11411796, guid: 602bd7f000bee4904b78ca56ade8ff80,
    type: 2}
  m_PrefabInternal: {fileID: 1449811448}
  m_GameObject: {fileID: 412541368}
  m_Enabled: 1
  m_EditorHideFlags: 0
  m_Script: {fileID: 11500000, guid: cc2c25667034b424faf774bc31949e3a, type: 3}
  m_Name: 
  m_EditorClassIdentifier: 
--- !u!1 &468300615
GameObject:
  m_ObjectHideFlags: 0
  m_PrefabParentObject: {fileID: 105488, guid: d6b7f3ea4b33b45ea85a47951c69c721, type: 2}
  m_PrefabInternal: {fileID: 0}
  serializedVersion: 5
  m_Component:
  - component: {fileID: 468300616}
  - component: {fileID: 468300619}
  - component: {fileID: 468300618}
  - component: {fileID: 468300617}
  m_Layer: 0
  m_Name: Cube01
  m_TagString: Untagged
  m_Icon: {fileID: 0}
  m_NavMeshLayer: 0
  m_StaticEditorFlags: 0
  m_IsActive: 1
--- !u!4 &468300616
Transform:
  m_ObjectHideFlags: 0
  m_PrefabParentObject: {fileID: 405488, guid: d6b7f3ea4b33b45ea85a47951c69c721, type: 2}
  m_PrefabInternal: {fileID: 0}
  m_GameObject: {fileID: 468300615}
  m_LocalRotation: {x: 0, y: 0, z: 0, w: 1}
  m_LocalPosition: {x: 0, y: -3, z: 0}
  m_LocalScale: {x: 10, y: 1, z: 1}
  m_Children: []
  m_Father: {fileID: 749655400}
  m_RootOrder: 0
  m_LocalEulerAnglesHint: {x: 0, y: 0, z: 0}
--- !u!61 &468300617
BoxCollider2D:
  m_ObjectHideFlags: 0
  m_PrefabParentObject: {fileID: 6105486, guid: d6b7f3ea4b33b45ea85a47951c69c721,
    type: 2}
  m_PrefabInternal: {fileID: 0}
  m_GameObject: {fileID: 468300615}
  m_Enabled: 1
  m_Density: 1
  m_Material: {fileID: 0}
  m_IsTrigger: 0
  m_UsedByEffector: 0
  m_UsedByComposite: 0
  m_Offset: {x: 0, y: 0}
  m_SpriteTilingProperty:
    border: {x: 0, y: 0, z: 0, w: 0}
    pivot: {x: 0, y: 0}
    oldSize: {x: 0, y: 0}
    newSize: {x: 0, y: 0}
    adaptiveTilingThreshold: 0
    drawMode: 0
    adaptiveTiling: 0
  m_AutoTiling: 0
  serializedVersion: 2
  m_Size: {x: 1, y: 1}
  m_EdgeRadius: 0
--- !u!23 &468300618
MeshRenderer:
  m_ObjectHideFlags: 0
  m_PrefabParentObject: {fileID: 2305486, guid: d6b7f3ea4b33b45ea85a47951c69c721,
    type: 2}
  m_PrefabInternal: {fileID: 0}
  m_GameObject: {fileID: 468300615}
  m_Enabled: 1
  m_CastShadows: 1
  m_ReceiveShadows: 1
  m_MotionVectors: 1
  m_LightProbeUsage: 0
  m_ReflectionProbeUsage: 1
  m_Materials:
  - {fileID: 10302, guid: 0000000000000000f000000000000000, type: 0}
  m_StaticBatchInfo:
    firstSubMesh: 0
    subMeshCount: 0
  m_StaticBatchRoot: {fileID: 0}
  m_ProbeAnchor: {fileID: 0}
  m_LightProbeVolumeOverride: {fileID: 0}
  m_ScaleInLightmap: 1
  m_PreserveUVs: 0
  m_IgnoreNormalsForChartDetection: 0
  m_ImportantGI: 0
  m_SelectedEditorRenderState: 3
  m_MinimumChartSize: 4
  m_AutoUVMaxDistance: 0.5
  m_AutoUVMaxAngle: 89
  m_LightmapParameters: {fileID: 0}
  m_SortingLayerID: 0
  m_SortingLayer: 0
  m_SortingOrder: 0
--- !u!33 &468300619
MeshFilter:
  m_ObjectHideFlags: 0
  m_PrefabParentObject: {fileID: 3305486, guid: d6b7f3ea4b33b45ea85a47951c69c721,
    type: 2}
  m_PrefabInternal: {fileID: 0}
  m_GameObject: {fileID: 468300615}
  m_Mesh: {fileID: 10202, guid: 0000000000000000e000000000000000, type: 0}
--- !u!1 &749655399
GameObject:
  m_ObjectHideFlags: 0
  m_PrefabParentObject: {fileID: 105486, guid: d6b7f3ea4b33b45ea85a47951c69c721, type: 2}
  m_PrefabInternal: {fileID: 0}
  serializedVersion: 5
  m_Component:
  - component: {fileID: 749655400}
  m_Layer: 0
  m_Name: SimpleGeometry
  m_TagString: Untagged
  m_Icon: {fileID: 0}
  m_NavMeshLayer: 0
  m_StaticEditorFlags: 0
  m_IsActive: 1
--- !u!4 &749655400
Transform:
  m_ObjectHideFlags: 0
  m_PrefabParentObject: {fileID: 405486, guid: d6b7f3ea4b33b45ea85a47951c69c721, type: 2}
  m_PrefabInternal: {fileID: 0}
  m_GameObject: {fileID: 749655399}
  m_LocalRotation: {x: 0, y: 0, z: 0, w: 1}
  m_LocalPosition: {x: 0, y: 0, z: 0}
  m_LocalScale: {x: 1, y: 1, z: 1}
  m_Children:
  - {fileID: 468300616}
  - {fileID: 1633338713}
  - {fileID: 10357866}
  m_Father: {fileID: 0}
  m_RootOrder: 2
  m_LocalEulerAnglesHint: {x: 0, y: 0, z: 0}
--- !u!1 &961389060
GameObject:
  m_ObjectHideFlags: 0
  m_PrefabParentObject: {fileID: 0}
  m_PrefabInternal: {fileID: 0}
  serializedVersion: 5
  m_Component:
  - component: {fileID: 961389061}
  - component: {fileID: 961389064}
  - component: {fileID: 961389063}
  - component: {fileID: 961389062}
  m_Layer: 10
  m_Name: AttackTutorial_Character_Punch_HitBox
  m_TagString: Untagged
  m_Icon: {fileID: 0}
  m_NavMeshLayer: 0
  m_StaticEditorFlags: 0
  m_IsActive: 1
--- !u!4 &961389061
Transform:
  m_ObjectHideFlags: 0
  m_PrefabParentObject: {fileID: 0}
  m_PrefabInternal: {fileID: 0}
  m_GameObject: {fileID: 961389060}
  m_LocalRotation: {x: 0, y: 0, z: 0, w: 1}
  m_LocalPosition: {x: 0.4, y: 0, z: 0}
  m_LocalScale: {x: 1, y: 1, z: 1}
  m_Children: []
  m_Father: {fileID: 1948263212}
  m_RootOrder: 0
  m_LocalEulerAnglesHint: {x: 0, y: 0, z: 0}
--- !u!50 &961389062
Rigidbody2D:
  serializedVersion: 4
  m_ObjectHideFlags: 0
  m_PrefabParentObject: {fileID: 0}
  m_PrefabInternal: {fileID: 0}
  m_GameObject: {fileID: 961389060}
  m_BodyType: 1
  m_Simulated: 1
  m_UseFullKinematicContacts: 0
  m_UseAutoMass: 0
  m_Mass: 1
  m_LinearDrag: 0
  m_AngularDrag: 0.05
  m_GravityScale: 0
  m_Material: {fileID: 0}
  m_Interpolate: 0
  m_SleepingMode: 1
  m_CollisionDetection: 0
  m_Constraints: 0
--- !u!61 &961389063
BoxCollider2D:
  m_ObjectHideFlags: 0
  m_PrefabParentObject: {fileID: 0}
  m_PrefabInternal: {fileID: 0}
  m_GameObject: {fileID: 961389060}
  m_Enabled: 0
  m_Density: 1
  m_Material: {fileID: 0}
  m_IsTrigger: 1
  m_UsedByEffector: 0
  m_UsedByComposite: 0
  m_Offset: {x: 0, y: 0}
  m_SpriteTilingProperty:
    border: {x: 0, y: 0, z: 0, w: 0}
    pivot: {x: 0, y: 0}
    oldSize: {x: 0, y: 0}
    newSize: {x: 0, y: 0}
    adaptiveTilingThreshold: 0
    drawMode: 0
    adaptiveTiling: 0
  m_AutoTiling: 0
  serializedVersion: 2
  m_Size: {x: 0.3, y: 0.2}
  m_EdgeRadius: 0
--- !u!114 &961389064
MonoBehaviour:
  m_ObjectHideFlags: 0
  m_PrefabParentObject: {fileID: 0}
  m_PrefabInternal: {fileID: 0}
  m_GameObject: {fileID: 961389060}
  m_Enabled: 1
  m_EditorHideFlags: 0
  m_Script: {fileID: 11500000, guid: 069f0a7651c84409f9fc637ae9eec210, type: 3}
  m_Name: 
  m_EditorClassIdentifier: 
--- !u!1 &1081380323
GameObject:
  m_ObjectHideFlags: 0
  m_PrefabParentObject: {fileID: 111796, guid: 602bd7f000bee4904b78ca56ade8ff80, type: 2}
  m_PrefabInternal: {fileID: 1449811448}
  serializedVersion: 5
  m_Component:
  - component: {fileID: 1081380326}
  - component: {fileID: 1081380325}
  - component: {fileID: 1081380324}
  - component: {fileID: 1081380327}
  m_Layer: 11
  m_Name: AttackTutorial_Enemy
  m_TagString: Untagged
  m_Icon: {fileID: 0}
  m_NavMeshLayer: 0
  m_StaticEditorFlags: 0
  m_IsActive: 1
--- !u!114 &1081380324
MonoBehaviour:
  m_ObjectHideFlags: 0
  m_PrefabParentObject: {fileID: 11411798, guid: 602bd7f000bee4904b78ca56ade8ff80,
    type: 2}
  m_PrefabInternal: {fileID: 1449811448}
  m_GameObject: {fileID: 1081380323}
  m_Enabled: 1
  m_EditorHideFlags: 0
  m_Script: {fileID: 11500000, guid: afaffd4d71a574c8eb5ce9880e0830ca, type: 3}
  m_Name: 
  m_EditorClassIdentifier: 
  animations:
  - state: 0
    animation: 0
  sendMoveComplete: 0
  myAnimator: {fileID: 0}
--- !u!114 &1081380325
MonoBehaviour:
  m_ObjectHideFlags: 0
  m_PrefabParentObject: {fileID: 11411800, guid: 602bd7f000bee4904b78ca56ade8ff80,
    type: 2}
  m_PrefabInternal: {fileID: 1449811448}
  m_GameObject: {fileID: 1081380323}
  m_Enabled: 1
  m_EditorHideFlags: 0
  m_Script: {fileID: 11500000, guid: a4161050e953049ebb7a85042266b841, type: 3}
  m_Name: 
  m_EditorClassIdentifier: 
  health: 5
  invulnerableTime: 0.25
  continueMovementOnFall: 0
  switchCollidersOnDirectionChange: 0
  startFacingDirection: 1
  enemyInteractsWithPlatforms: 0
  geometryLayerMask:
    serializedVersion: 2
    m_Bits: 0
  characterCanFall: 0
  terminalVelocity: -15
  useCharacterGravity: 0
  customGravity: -15
  feetHeight: 0
  groundedLookAhead: 0
  feetWidth: 0
  detectSideCollisions: 0
  sideHeight: 0
  sideWidth: 0
  switchDirectionOnSideHit: 0
--- !u!4 &1081380326
Transform:
  m_ObjectHideFlags: 0
  m_PrefabParentObject: {fileID: 411796, guid: 602bd7f000bee4904b78ca56ade8ff80, type: 2}
  m_PrefabInternal: {fileID: 1449811448}
  m_GameObject: {fileID: 1081380323}
  m_LocalRotation: {x: 0, y: 0, z: 0, w: 1}
  m_LocalPosition: {x: 2, y: -1.5, z: 0}
  m_LocalScale: {x: 1, y: 1, z: 1}
  m_Children:
  - {fileID: 1598694173}
  - {fileID: 412541369}
  m_Father: {fileID: 0}
  m_RootOrder: 1
  m_LocalEulerAnglesHint: {x: 0, y: 0, z: 0}
--- !u!114 &1081380327
MonoBehaviour:
  m_ObjectHideFlags: 0
  m_PrefabParentObject: {fileID: 11411794, guid: 602bd7f000bee4904b78ca56ade8ff80,
    type: 2}
  m_PrefabInternal: {fileID: 1449811448}
  m_GameObject: {fileID: 1081380323}
  m_Enabled: 1
  m_EditorHideFlags: 0
  m_Script: {fileID: 11500000, guid: 9ae1db2a5c3ff49b8be73b55fdc3e9f4, type: 3}
  m_Name: 
  m_EditorClassIdentifier: 
  bobbleHeight: 0
  destroyDelay: 2
  gravity: 0
--- !u!1 &1329204259
GameObject:
  m_ObjectHideFlags: 0
  m_PrefabParentObject: {fileID: 152754, guid: 20f444c6fbfcb437892a67ad83f3dc86, type: 2}
  m_PrefabInternal: {fileID: 0}
  serializedVersion: 5
  m_Component:
  - component: {fileID: 1329204261}
  - component: {fileID: 1329204260}
  m_Layer: 10
  m_Name: AttackTutorial_Character_Input
  m_TagString: Untagged
  m_Icon: {fileID: 0}
  m_NavMeshLayer: 0
  m_StaticEditorFlags: 0
  m_IsActive: 1
--- !u!114 &1329204260
MonoBehaviour:
  m_ObjectHideFlags: 0
  m_PrefabParentObject: {fileID: 11452754, guid: 20f444c6fbfcb437892a67ad83f3dc86,
    type: 2}
  m_PrefabInternal: {fileID: 0}
  m_GameObject: {fileID: 1329204259}
  m_Enabled: 1
  m_EditorHideFlags: 0
  m_Script: {fileID: 11500000, guid: 69d03f099279648a683c73bccb595939, type: 3}
  m_Name: 
  m_EditorClassIdentifier: 
  dataToLoad: Player1
  enableController: 1
  enableKeyboard: 1
  horizontalAxisName: Joystick1Axis1
  reverseHorizontalAxis: 0
  digitalHorizontalThreshold: 0.25
  verticalAxisName: Joystick1Axis2
  reverseVerticalAxis: 0
  digitalVerticalThreshold: 0.25
  altHorizontalAxisName: Joystick1Axis7
  reverseAltHorizontalAxis: 0
  digitalAltHorizontalThreshold: 0.25
  altVerticalAxisName: Joystick1Axis8
  reverseAltVerticalAxis: 0
  digitalAltVerticalThreshold: 0.25
  right: 275
  left: 276
  up: 273
  down: 274
  jump: 122
  run: 120
  pause: 112
  actionButtons: 78000000
--- !u!4 &1329204261
Transform:
  m_ObjectHideFlags: 0
  m_PrefabParentObject: {fileID: 452754, guid: 20f444c6fbfcb437892a67ad83f3dc86, type: 2}
  m_PrefabInternal: {fileID: 0}
  m_GameObject: {fileID: 1329204259}
  m_LocalRotation: {x: 0, y: 0, z: 0, w: 1}
  m_LocalPosition: {x: -2.1226985, y: -0.6851341, z: 0.064453125}
  m_LocalScale: {x: 1, y: 1, z: 1}
  m_Children: []
  m_Father: {fileID: 70122742}
  m_RootOrder: 1
  m_LocalEulerAnglesHint: {x: 0, y: 0, z: 0}
--- !u!1 &1370259008
GameObject:
  m_ObjectHideFlags: 0
  m_PrefabParentObject: {fileID: 0}
  m_PrefabInternal: {fileID: 0}
  serializedVersion: 5
  m_Component:
  - component: {fileID: 1370259009}
  - component: {fileID: 1370259010}
  m_Layer: 10
  m_Name: AttackTutorial_Character_GroundMovement
  m_TagString: Untagged
  m_Icon: {fileID: 0}
  m_NavMeshLayer: 0
  m_StaticEditorFlags: 0
  m_IsActive: 1
--- !u!4 &1370259009
Transform:
  m_ObjectHideFlags: 0
  m_PrefabParentObject: {fileID: 0}
  m_PrefabInternal: {fileID: 0}
  m_GameObject: {fileID: 1370259008}
  m_LocalRotation: {x: 0, y: 0, z: 0, w: 1}
  m_LocalPosition: {x: 0, y: 0, z: 0}
  m_LocalScale: {x: 1, y: 1, z: 1}
  m_Children: []
  m_Father: {fileID: 70122742}
  m_RootOrder: 5
  m_LocalEulerAnglesHint: {x: 0, y: 0, z: 0}
--- !u!114 &1370259010
MonoBehaviour:
  m_ObjectHideFlags: 0
  m_PrefabParentObject: {fileID: 0}
  m_PrefabInternal: {fileID: 0}
  m_GameObject: {fileID: 1370259008}
  m_Enabled: 1
  m_EditorHideFlags: 0
  m_Script: {fileID: 11500000, guid: a4dd25f39a9c44555b2e83d76feb88c2, type: 3}
  m_Name: 
  m_EditorClassIdentifier: 
  movementType: GroundMovement_Digital
  movementData:
  - floatValue: 3
    intValue: 0
    stringValue: 
    boolValue: 0
    vector2Value: {x: 0, y: 0}
    gameObjectValue: {fileID: 0}
    curveValue:
      serializedVersion: 2
      m_Curve: []
      m_PreInfinity: 2
      m_PostInfinity: 2
      m_RotationOrder: 4
--- !u!1001 &1449811448
Prefab:
  m_ObjectHideFlags: 0
  serializedVersion: 2
  m_Modification:
    m_TransformParent: {fileID: 0}
    m_Modifications:
    - target: {fileID: 411796, guid: 602bd7f000bee4904b78ca56ade8ff80, type: 2}
      propertyPath: m_LocalPosition.x
      value: 2
      objectReference: {fileID: 0}
    - target: {fileID: 411796, guid: 602bd7f000bee4904b78ca56ade8ff80, type: 2}
      propertyPath: m_LocalPosition.y
      value: -1.5
      objectReference: {fileID: 0}
    - target: {fileID: 411796, guid: 602bd7f000bee4904b78ca56ade8ff80, type: 2}
      propertyPath: m_LocalPosition.z
      value: 0
      objectReference: {fileID: 0}
    - target: {fileID: 411796, guid: 602bd7f000bee4904b78ca56ade8ff80, type: 2}
      propertyPath: m_LocalRotation.x
      value: 0
      objectReference: {fileID: 0}
    - target: {fileID: 411796, guid: 602bd7f000bee4904b78ca56ade8ff80, type: 2}
      propertyPath: m_LocalRotation.y
      value: 0
      objectReference: {fileID: 0}
    - target: {fileID: 411796, guid: 602bd7f000bee4904b78ca56ade8ff80, type: 2}
      propertyPath: m_LocalRotation.z
      value: 0
      objectReference: {fileID: 0}
    - target: {fileID: 411796, guid: 602bd7f000bee4904b78ca56ade8ff80, type: 2}
      propertyPath: m_LocalRotation.w
      value: 1
      objectReference: {fileID: 0}
    - target: {fileID: 411796, guid: 602bd7f000bee4904b78ca56ade8ff80, type: 2}
      propertyPath: m_RootOrder
      value: 1
      objectReference: {fileID: 0}
    m_RemovedComponents: []
  m_ParentPrefab: {fileID: 100100000, guid: 602bd7f000bee4904b78ca56ade8ff80, type: 2}
  m_RootGameObject: {fileID: 1081380323}
  m_IsPrefabParent: 0
--- !u!1 &1598694172
GameObject:
  m_ObjectHideFlags: 0
  m_PrefabParentObject: {fileID: 111798, guid: 602bd7f000bee4904b78ca56ade8ff80, type: 2}
  m_PrefabInternal: {fileID: 1449811448}
  serializedVersion: 5
  m_Component:
  - component: {fileID: 1598694173}
  - component: {fileID: 1598694176}
  - component: {fileID: 1598694175}
  - component: {fileID: 1598694174}
  m_Layer: 11
  m_Name: AttackTutorial_Enemy_Sprite
  m_TagString: Untagged
  m_Icon: {fileID: 0}
  m_NavMeshLayer: 0
  m_StaticEditorFlags: 0
  m_IsActive: 1
--- !u!4 &1598694173
Transform:
  m_ObjectHideFlags: 0
  m_PrefabParentObject: {fileID: 411798, guid: 602bd7f000bee4904b78ca56ade8ff80, type: 2}
  m_PrefabInternal: {fileID: 1449811448}
  m_GameObject: {fileID: 1598694172}
  m_LocalRotation: {x: 0, y: 0, z: 0, w: 1}
  m_LocalPosition: {x: 0, y: 0, z: 0}
  m_LocalScale: {x: -1, y: 1, z: 1}
  m_Children: []
  m_Father: {fileID: 1081380326}
  m_RootOrder: 0
  m_LocalEulerAnglesHint: {x: 0, y: 0, z: 0}
--- !u!114 &1598694174
MonoBehaviour:
  m_ObjectHideFlags: 0
  m_PrefabParentObject: {fileID: 11411802, guid: 602bd7f000bee4904b78ca56ade8ff80,
    type: 2}
  m_PrefabInternal: {fileID: 1449811448}
  m_GameObject: {fileID: 1598694172}
  m_Enabled: 1
  m_EditorHideFlags: 0
  m_Script: {fileID: 11500000, guid: fe8f45e4a52914b56bb4f005461b871e, type: 3}
  m_Name: 
  m_EditorClassIdentifier: 
  mappings: []
--- !u!95 &1598694175
Animator:
  serializedVersion: 3
  m_ObjectHideFlags: 0
  m_PrefabParentObject: {fileID: 9511794, guid: 602bd7f000bee4904b78ca56ade8ff80,
    type: 2}
  m_PrefabInternal: {fileID: 1449811448}
  m_GameObject: {fileID: 1598694172}
  m_Enabled: 1
  m_Avatar: {fileID: 0}
  m_Controller: {fileID: 9100000, guid: bda4fb48c93df45b79b6a0cf146eaef2, type: 2}
  m_CullingMode: 0
  m_UpdateMode: 0
  m_ApplyRootMotion: 0
  m_LinearVelocityBlending: 0
  m_WarningMessage: 
  m_HasTransformHierarchy: 1
  m_AllowConstantClipSamplingOptimization: 1
--- !u!212 &1598694176
SpriteRenderer:
  m_ObjectHideFlags: 0
  m_PrefabParentObject: {fileID: 21211794, guid: 602bd7f000bee4904b78ca56ade8ff80,
    type: 2}
  m_PrefabInternal: {fileID: 1449811448}
  m_GameObject: {fileID: 1598694172}
  m_Enabled: 1
  m_CastShadows: 0
  m_ReceiveShadows: 0
  m_MotionVectors: 1
  m_LightProbeUsage: 0
  m_ReflectionProbeUsage: 1
  m_Materials:
  - {fileID: 10754, guid: 0000000000000000f000000000000000, type: 0}
  m_StaticBatchInfo:
    firstSubMesh: 0
    subMeshCount: 0
  m_StaticBatchRoot: {fileID: 0}
  m_ProbeAnchor: {fileID: 0}
  m_LightProbeVolumeOverride: {fileID: 0}
  m_ScaleInLightmap: 1
  m_PreserveUVs: 0
  m_IgnoreNormalsForChartDetection: 0
  m_ImportantGI: 0
  m_SelectedEditorRenderState: 0
  m_MinimumChartSize: 4
  m_AutoUVMaxDistance: 0.5
  m_AutoUVMaxAngle: 89
  m_LightmapParameters: {fileID: 0}
  m_SortingLayerID: 0
  m_SortingLayer: 0
  m_SortingOrder: 0
  m_Sprite: {fileID: 21300000, guid: a6a166b9557554a2bb57e94f0eb76845, type: 3}
  m_Color: {r: 1, g: 1, b: 1, a: 1}
  m_FlipX: 0
  m_FlipY: 0
  m_DrawMode: 0
  m_Size: {x: 1, y: 1}
  m_AdaptiveModeThreshold: 0.5
  m_SpriteTileMode: 0
--- !u!1 &1633338712
GameObject:
  m_ObjectHideFlags: 0
  m_PrefabParentObject: {fileID: 172702, guid: d6b7f3ea4b33b45ea85a47951c69c721, type: 2}
  m_PrefabInternal: {fileID: 0}
  serializedVersion: 5
  m_Component:
  - component: {fileID: 1633338713}
  - component: {fileID: 1633338716}
  - component: {fileID: 1633338715}
  - component: {fileID: 1633338714}
  m_Layer: 0
  m_Name: Cube02
  m_TagString: Untagged
  m_Icon: {fileID: 0}
  m_NavMeshLayer: 0
  m_StaticEditorFlags: 0
  m_IsActive: 1
--- !u!4 &1633338713
Transform:
  m_ObjectHideFlags: 0
  m_PrefabParentObject: {fileID: 472702, guid: d6b7f3ea4b33b45ea85a47951c69c721, type: 2}
  m_PrefabInternal: {fileID: 0}
  m_GameObject: {fileID: 1633338712}
  m_LocalRotation: {x: 0, y: 0, z: 0, w: 1}
  m_LocalPosition: {x: -6.5, y: -1.5, z: 0}
  m_LocalScale: {x: 3, y: 4, z: 1}
  m_Children: []
  m_Father: {fileID: 749655400}
  m_RootOrder: 1
  m_LocalEulerAnglesHint: {x: 0, y: 0, z: 0}
--- !u!61 &1633338714
BoxCollider2D:
  m_ObjectHideFlags: 0
  m_PrefabParentObject: {fileID: 6172702, guid: d6b7f3ea4b33b45ea85a47951c69c721,
    type: 2}
  m_PrefabInternal: {fileID: 0}
  m_GameObject: {fileID: 1633338712}
  m_Enabled: 1
  m_Density: 1
  m_Material: {fileID: 0}
  m_IsTrigger: 0
  m_UsedByEffector: 0
  m_UsedByComposite: 0
  m_Offset: {x: 0, y: 0}
  m_SpriteTilingProperty:
    border: {x: 0, y: 0, z: 0, w: 0}
    pivot: {x: 0, y: 0}
    oldSize: {x: 0, y: 0}
    newSize: {x: 0, y: 0}
    adaptiveTilingThreshold: 0
    drawMode: 0
    adaptiveTiling: 0
  m_AutoTiling: 0
  serializedVersion: 2
  m_Size: {x: 1, y: 1}
  m_EdgeRadius: 0
--- !u!23 &1633338715
MeshRenderer:
  m_ObjectHideFlags: 0
  m_PrefabParentObject: {fileID: 2372702, guid: d6b7f3ea4b33b45ea85a47951c69c721,
    type: 2}
  m_PrefabInternal: {fileID: 0}
  m_GameObject: {fileID: 1633338712}
  m_Enabled: 1
  m_CastShadows: 1
  m_ReceiveShadows: 1
  m_MotionVectors: 1
  m_LightProbeUsage: 0
  m_ReflectionProbeUsage: 1
  m_Materials:
  - {fileID: 10302, guid: 0000000000000000f000000000000000, type: 0}
  m_StaticBatchInfo:
    firstSubMesh: 0
    subMeshCount: 0
  m_StaticBatchRoot: {fileID: 0}
  m_ProbeAnchor: {fileID: 0}
  m_LightProbeVolumeOverride: {fileID: 0}
  m_ScaleInLightmap: 1
  m_PreserveUVs: 0
  m_IgnoreNormalsForChartDetection: 0
  m_ImportantGI: 0
  m_SelectedEditorRenderState: 3
  m_MinimumChartSize: 4
  m_AutoUVMaxDistance: 0.5
  m_AutoUVMaxAngle: 89
  m_LightmapParameters: {fileID: 0}
  m_SortingLayerID: 0
  m_SortingLayer: 0
  m_SortingOrder: 0
--- !u!33 &1633338716
MeshFilter:
  m_ObjectHideFlags: 0
  m_PrefabParentObject: {fileID: 3372702, guid: d6b7f3ea4b33b45ea85a47951c69c721,
    type: 2}
  m_PrefabInternal: {fileID: 0}
  m_GameObject: {fileID: 1633338712}
  m_Mesh: {fileID: 10202, guid: 0000000000000000e000000000000000, type: 0}
--- !u!1 &1673874637
GameObject:
  m_ObjectHideFlags: 0
  m_PrefabParentObject: {fileID: 0}
  m_PrefabInternal: {fileID: 0}
  serializedVersion: 5
  m_Component:
  - component: {fileID: 1673874639}
  - component: {fileID: 1673874638}
  m_Layer: 10
  m_Name: AttackTutorial_Character_AirMovement
  m_TagString: Untagged
  m_Icon: {fileID: 0}
  m_NavMeshLayer: 0
  m_StaticEditorFlags: 0
  m_IsActive: 1
--- !u!114 &1673874638
MonoBehaviour:
  m_ObjectHideFlags: 0
  m_PrefabParentObject: {fileID: 0}
  m_PrefabInternal: {fileID: 0}
  m_GameObject: {fileID: 1673874637}
  m_Enabled: 1
  m_EditorHideFlags: 0
  m_Script: {fileID: 11500000, guid: 04f35f09f495445f4be00da147e6406c, type: 3}
  m_Name: 
  m_EditorClassIdentifier: 
  movementType: AirMovement_Digital
  movementData:
  - floatValue: 4
    intValue: 0
    stringValue: 
    boolValue: 0
    vector2Value: {x: 0, y: 0}
    gameObjectValue: {fileID: 0}
    curveValue:
      serializedVersion: 2
      m_Curve: []
      m_PreInfinity: 2
      m_PostInfinity: 2
      m_RotationOrder: 4
  - floatValue: 2.5
    intValue: 0
    stringValue: 
    boolValue: 0
    vector2Value: {x: 0, y: 0}
    gameObjectValue: {fileID: 0}
    curveValue:
      serializedVersion: 2
      m_Curve: []
      m_PreInfinity: 2
      m_PostInfinity: 2
      m_RotationOrder: 4
  - floatValue: 0
    intValue: 0
    stringValue: 
    boolValue: 0
    vector2Value: {x: 0, y: 0}
    gameObjectValue: {fileID: 0}
    curveValue:
      serializedVersion: 2
      m_Curve: []
      m_PreInfinity: 2
      m_PostInfinity: 2
      m_RotationOrder: 4
  - floatValue: 0
    intValue: 0
    stringValue: 
    boolValue: 0
    vector2Value: {x: 0, y: 0}
    gameObjectValue: {fileID: 0}
    curveValue:
      serializedVersion: 2
      m_Curve: []
      m_PreInfinity: 2
      m_PostInfinity: 2
      m_RotationOrder: 4
  - floatValue: 1
    intValue: 0
    stringValue: 
    boolValue: 0
    vector2Value: {x: 0, y: 0}
    gameObjectValue: {fileID: 0}
    curveValue:
      serializedVersion: 2
      m_Curve: []
      m_PreInfinity: 2
      m_PostInfinity: 2
      m_RotationOrder: 4
  - floatValue: 0.1
    intValue: 0
    stringValue: 
    boolValue: 0
    vector2Value: {x: 0, y: 0}
    gameObjectValue: {fileID: 0}
    curveValue:
      serializedVersion: 2
      m_Curve: []
      m_PreInfinity: 2
      m_PostInfinity: 2
      m_RotationOrder: 4
  - floatValue: 0
    intValue: 0
    stringValue: 
    boolValue: 0
    vector2Value: {x: 0, y: 0}
    gameObjectValue: {fileID: 0}
    curveValue:
      serializedVersion: 2
      m_Curve: []
      m_PreInfinity: 2
      m_PostInfinity: 2
      m_RotationOrder: 4
  - floatValue: 0
    intValue: 0
    stringValue: 
    boolValue: 0
    vector2Value: {x: 0, y: 0}
    gameObjectValue: {fileID: 0}
    curveValue:
      serializedVersion: 2
      m_Curve: []
      m_PreInfinity: 2
      m_PostInfinity: 2
      m_RotationOrder: 4
  - floatValue: 0
    intValue: 0
    stringValue: 
    boolValue: 0
    vector2Value: {x: 0, y: 0}
    gameObjectValue: {fileID: 0}
    curveValue:
      serializedVersion: 2
      m_Curve: []
      m_PreInfinity: 2
      m_PostInfinity: 2
      m_RotationOrder: 4
--- !u!4 &1673874639
Transform:
  m_ObjectHideFlags: 0
  m_PrefabParentObject: {fileID: 0}
  m_PrefabInternal: {fileID: 0}
  m_GameObject: {fileID: 1673874637}
  m_LocalRotation: {x: 0, y: 0, z: 0, w: 1}
  m_LocalPosition: {x: 0, y: 0, z: 0}
  m_LocalScale: {x: 1, y: 1, z: 1}
  m_Children: []
  m_Father: {fileID: 70122742}
  m_RootOrder: 4
  m_LocalEulerAnglesHint: {x: 0, y: 0, z: 0}
--- !u!1 &1923603105
GameObject:
  m_ObjectHideFlags: 0
  m_PrefabParentObject: {fileID: 0}
  m_PrefabInternal: {fileID: 0}
  serializedVersion: 5
  m_Component:
  - component: {fileID: 1923603106}
  - component: {fileID: 1923603109}
  - component: {fileID: 1923603108}
  - component: {fileID: 1923603107}
  m_Layer: 10
  m_Name: AttackTutorial_Character_Chop_HitBox
  m_TagString: Untagged
  m_Icon: {fileID: 0}
  m_NavMeshLayer: 0
  m_StaticEditorFlags: 0
  m_IsActive: 1
--- !u!4 &1923603106
Transform:
  m_ObjectHideFlags: 0
  m_PrefabParentObject: {fileID: 0}
  m_PrefabInternal: {fileID: 0}
  m_GameObject: {fileID: 1923603105}
  m_LocalRotation: {x: 0, y: 0, z: 0, w: 1}
  m_LocalPosition: {x: 0.39999998, y: 0, z: 0}
  m_LocalScale: {x: 1, y: 1, z: 1}
  m_Children: []
  m_Father: {fileID: 1948263212}
  m_RootOrder: 1
  m_LocalEulerAnglesHint: {x: 0, y: 0, z: 0}
--- !u!50 &1923603107
Rigidbody2D:
  serializedVersion: 4
  m_ObjectHideFlags: 0
  m_PrefabParentObject: {fileID: 0}
  m_PrefabInternal: {fileID: 0}
  m_GameObject: {fileID: 1923603105}
  m_BodyType: 1
  m_Simulated: 1
  m_UseFullKinematicContacts: 0
  m_UseAutoMass: 0
  m_Mass: 1
  m_LinearDrag: 0
  m_AngularDrag: 0.05
  m_GravityScale: 0
  m_Material: {fileID: 0}
  m_Interpolate: 0
  m_SleepingMode: 1
  m_CollisionDetection: 0
  m_Constraints: 0
--- !u!61 &1923603108
BoxCollider2D:
  m_ObjectHideFlags: 0
  m_PrefabParentObject: {fileID: 0}
  m_PrefabInternal: {fileID: 0}
  m_GameObject: {fileID: 1923603105}
  m_Enabled: 0
  m_Density: 1
  m_Material: {fileID: 0}
  m_IsTrigger: 1
  m_UsedByEffector: 0
  m_UsedByComposite: 0
  m_Offset: {x: 0, y: 0}
  m_SpriteTilingProperty:
    border: {x: 0, y: 0, z: 0, w: 0}
    pivot: {x: 0, y: 0}
    oldSize: {x: 0, y: 0}
    newSize: {x: 0, y: 0}
    adaptiveTilingThreshold: 0
    drawMode: 0
    adaptiveTiling: 0
  m_AutoTiling: 0
  serializedVersion: 2
  m_Size: {x: 0.2, y: 0.5}
  m_EdgeRadius: 0
--- !u!114 &1923603109
MonoBehaviour:
  m_ObjectHideFlags: 0
  m_PrefabParentObject: {fileID: 0}
  m_PrefabInternal: {fileID: 0}
  m_GameObject: {fileID: 1923603105}
  m_Enabled: 1
  m_EditorHideFlags: 0
  m_Script: {fileID: 11500000, guid: 069f0a7651c84409f9fc637ae9eec210, type: 3}
  m_Name: 
  m_EditorClassIdentifier: 
--- !u!1 &1948263211
GameObject:
  m_ObjectHideFlags: 0
  m_PrefabParentObject: {fileID: 159116, guid: 20f444c6fbfcb437892a67ad83f3dc86, type: 2}
  m_PrefabInternal: {fileID: 0}
  serializedVersion: 5
  m_Component:
  - component: {fileID: 1948263212}
  - component: {fileID: 1948263215}
  - component: {fileID: 1948263214}
  - component: {fileID: 1948263213}
  - component: {fileID: 1948263216}
  m_Layer: 10
  m_Name: AttackTutorial_Character_Sprite
  m_TagString: Untagged
  m_Icon: {fileID: 0}
  m_NavMeshLayer: 0
  m_StaticEditorFlags: 0
  m_IsActive: 1
--- !u!4 &1948263212
Transform:
  m_ObjectHideFlags: 0
  m_PrefabParentObject: {fileID: 459116, guid: 20f444c6fbfcb437892a67ad83f3dc86, type: 2}
  m_PrefabInternal: {fileID: 0}
  m_GameObject: {fileID: 1948263211}
  m_LocalRotation: {x: 0, y: 0, z: 0, w: 1}
  m_LocalPosition: {x: 0, y: 0, z: 0}
  m_LocalScale: {x: 1, y: 1, z: 1}
  m_Children:
  - {fileID: 961389061}
  - {fileID: 1923603106}
  m_Father: {fileID: 70122742}
  m_RootOrder: 0
  m_LocalEulerAnglesHint: {x: 0, y: 0, z: 0}
--- !u!114 &1948263213
MonoBehaviour:
  m_ObjectHideFlags: 0
  m_PrefabParentObject: {fileID: 11459116, guid: 20f444c6fbfcb437892a67ad83f3dc86,
    type: 2}
  m_PrefabInternal: {fileID: 0}
  m_GameObject: {fileID: 1948263211}
  m_Enabled: 1
  m_EditorHideFlags: 0
  m_Script: {fileID: 11500000, guid: fe8f45e4a52914b56bb4f005461b871e, type: 3}
  m_Name: 
  m_EditorClassIdentifier: 
  mappings: []
--- !u!95 &1948263214
Animator:
  serializedVersion: 3
  m_ObjectHideFlags: 0
  m_PrefabParentObject: {fileID: 9559116, guid: 20f444c6fbfcb437892a67ad83f3dc86,
    type: 2}
  m_PrefabInternal: {fileID: 0}
  m_GameObject: {fileID: 1948263211}
  m_Enabled: 1
  m_Avatar: {fileID: 0}
  m_Controller: {fileID: 9100000, guid: 6c5cbe011da6b417a8fac33d6d26fff2, type: 2}
  m_CullingMode: 0
  m_UpdateMode: 0
  m_ApplyRootMotion: 0
  m_LinearVelocityBlending: 0
  m_WarningMessage: 
  m_HasTransformHierarchy: 1
  m_AllowConstantClipSamplingOptimization: 1
--- !u!212 &1948263215
SpriteRenderer:
  m_ObjectHideFlags: 0
  m_PrefabParentObject: {fileID: 21259116, guid: 20f444c6fbfcb437892a67ad83f3dc86,
    type: 2}
  m_PrefabInternal: {fileID: 0}
  m_GameObject: {fileID: 1948263211}
  m_Enabled: 1
  m_CastShadows: 0
  m_ReceiveShadows: 0
  m_MotionVectors: 1
  m_LightProbeUsage: 0
  m_ReflectionProbeUsage: 1
  m_Materials:
  - {fileID: 10754, guid: 0000000000000000f000000000000000, type: 0}
  m_StaticBatchInfo:
    firstSubMesh: 0
    subMeshCount: 0
  m_StaticBatchRoot: {fileID: 0}
  m_ProbeAnchor: {fileID: 0}
  m_LightProbeVolumeOverride: {fileID: 0}
  m_ScaleInLightmap: 1
  m_PreserveUVs: 0
  m_IgnoreNormalsForChartDetection: 0
  m_ImportantGI: 0
  m_SelectedEditorRenderState: 0
  m_MinimumChartSize: 4
  m_AutoUVMaxDistance: 0.5
  m_AutoUVMaxAngle: 89
  m_LightmapParameters: {fileID: 0}
  m_SortingLayerID: 0
  m_SortingLayer: 0
  m_SortingOrder: 0
  m_Sprite: {fileID: 21300000, guid: b52f7ffba8d0b4d4f9afa156713ed5bc, type: 3}
  m_Color: {r: 1, g: 1, b: 1, a: 1}
  m_FlipX: 0
  m_FlipY: 0
  m_DrawMode: 0
  m_Size: {x: 1, y: 1}
  m_AdaptiveModeThreshold: 0.5
  m_SpriteTileMode: 0
--- !u!114 &1948263216
MonoBehaviour:
  m_ObjectHideFlags: 0
  m_PrefabParentObject: {fileID: 0}
  m_PrefabInternal: {fileID: 0}
  m_GameObject: {fileID: 1948263211}
  m_Enabled: 1
  m_EditorHideFlags: 0
  m_Script: {fileID: 11500000, guid: 3aa1309fbe175411c86bddfa03057421, type: 3}
  m_Name: 
  m_EditorClassIdentifier: 
  flipLeftAndRight: 0
  flipSpriteOffset: 0
